<record><leader>00000cas a22000007a 4500</leader><controlfield tag="001">8343186</controlfield><controlfield tag="008">820416c19799999aluwr ne      0   a0eng d</controlfield><datafield ind1=" " ind2=" " tag="010"><subfield code="a">sn 82002442 </subfield></datafield><datafield ind1=" " ind2=" " tag="040"><subfield code="a">NSD</subfield><subfield code="b">eng</subfield><subfield code="c">NSD</subfield><subfield code="d">CPN</subfield><subfield code="d">NSD</subfield><subfield code="d">OCL</subfield><subfield code="d">AAA</subfield><subfield code="d">OCLCQ</subfield><subfield code="d">OCLCF</subfield><subfield code="d">OCLCO</subfield></datafield><datafield ind1=" " ind2=" " tag="012"><subfield code="k">1</subfield><subfield code="l">1</subfield><subfield code="m">1</subfield></datafield><datafield ind1="1" ind2=" " tag="022"><subfield code="a">0744-5318</subfield><subfield code="l">0744-5318</subfield><subfield code="2">1</subfield></datafield><datafield ind1=" " ind2=" " tag="032"><subfield code="a">669150</subfield><subfield code="b">USPS</subfield></datafield><datafield ind1=" " ind2=" " tag="037"><subfield code="b">Azalea City News &amp; Review, PO Box 1467, Mobile, Al., 36633-1467</subfield></datafield><datafield ind1=" " ind2=" " tag="042"><subfield code="a">nsdp</subfield></datafield><datafield ind1=" " ind2="0" tag="222"><subfield code="a">Azalea City news &amp; review</subfield></datafield><datafield ind1="0" ind2="0" tag="245"><subfield code="a">Azalea City news &amp; review.</subfield></datafield><datafield ind1="1" ind2="0" tag="246"><subfield code="a">Azalea City news and review</subfield></datafield><datafield ind1=" " ind2=" " tag="260"><subfield code="a">Mobile, Al. :</subfield><subfield code="b">TJP Pub. Co.,</subfield><subfield code="c">1979-</subfield></datafield><datafield ind1=" " ind2=" " tag="310"><subfield code="a">Weekly</subfield></datafield><datafield ind1="0" ind2=" " tag="362"><subfield code="a">Vol. 6, no. 15 (Apr. 27, 1979)-</subfield></datafield><datafield ind1=" " ind2=" " tag="500"><subfield code="a">Publisher: Cordell Publications, &lt;Apr. 4, 1991-&gt;</subfield></datafield><datafield ind1=" " ind2="0" tag="651"><subfield code="a">Mobile (Ala.)</subfield><subfield code="x">Periodicals.</subfield></datafield><datafield ind1=" " ind2="7" tag="655"><subfield code="a">Periodicals.</subfield><subfield code="2">fast</subfield><subfield code="0">(OCoLC)fst01411641</subfield></datafield><datafield ind1=" " ind2="7" tag="651"><subfield code="a">Alabama</subfield><subfield code="z">Mobile.</subfield><subfield code="2">fast</subfield><subfield code="0">(OCoLC)fst01206367</subfield></datafield><datafield ind1=" " ind2=" " tag="752"><subfield code="a">United States</subfield><subfield code="b">Alabama</subfield><subfield code="c">Mobile</subfield><subfield code="d">Mobile.</subfield></datafield><datafield ind1="0" ind2="0" tag="780"><subfield code="t">Azalea City news</subfield><subfield code="w">(DLC)sn 87050165</subfield></datafield><datafield ind1=" " ind2=" " tag="936"><subfield code="a">Vol. 17, no. 14 (Apr. 4, 1991) LIC</subfield></datafield></record>